@article{Klimann13,
  author="Klimann, I.",
  title="Automaton Semigroups: The Two-state Case",
  journal="Theory of Computing Systems",
  year=2014,
  pages="1--17",
  issn="1433-0490",
  doi="10.1007/s00224-014-9594-0",
  url="http://dx.doi.org/10.1007/s00224-014-9594-0"
}

@article{DBLP:journals/corr/abs-1105-4725,
    AUTHOR = {Akhavi, Ali and Klimann, Ines and Lombardy, Sylvain and Mairesse, Jean and Picantin, Matthieu},
    TITLE = {On the finiteness problem for automaton (semi)groups},
    JOURNAL = {Internat. J. Algebra Comput.},
    FJOURNAL = {International Journal of Algebra and Computation},
    VOLUME = 22,
    YEAR = 2012,
    NUMBER = 6,
    PAGES = {1--26},
}

@article{Nauty,
  author    = {Brendan D. McKay and
               Adolfo Piperno},
  title     = {Practical graph isomorphism, {II}},
  journal   = {CoRR},
  volume    = {abs/1301.1493},
  year      = {2013},
  url       = {http://arxiv.org/abs/1301.1493},
  archivePrefix = {arXiv},
  eprint    = {1301.1493},
  timestamp = {Mon, 13 Aug 2018 16:46:45 +0200},
  biburl    = {https://dblp.org/rec/bib/journals/corr/abs-1301-1493},
  bibsource = {dblp computer science bibliography, https://dblp.org}
}

@misc{Git,
  author = {Maxime Flin \& Tristan François},
  title  = {Dépôt git associé au projet},
  note   = {\url{https://github.com/Peaupote/mealy-automate/}},
  url    = https://github.com/Peaupote/mealy-automate/
}

@article{Undecidable,
author = {Gillibert, Pierre},
year = {2013},
month = {04},
pages = {},
title = {The finiteness problem for automaton semigroups is undecidable},
volume = {24},
journal = {International Journal of Algebra and Computation},
doi = {10.1142/S0218196714500015}
}

@PHDTHESIS{myhdr,
    author = {Picantin, Matthieu},
    title = {Automates, (semi)groupes, dualit\'es},
     school = {Universit\'e Paris Diderot},
    type = {Habilitation {\`a} Diriger des Recherches},
    year = {2017},
    note ="{\textsc{url} : }\url{http://www.irif.fr/~picantin/papers/hdr_memoire.pdf} \newline
           {\textsc{url} : }\url{http://www.irif.fr/~picantin/papers/hdr_soutenance.pdf}"}
