@Article{Klimann13,
author="Klimann, I.",
title="Automaton Semigroups: The Two-state Case",
journal="Theory of Computing Systems",
year=2014,
pages="1--17",
issn="1433-0490",
doi="10.1007/s00224-014-9594-0",
url="http://dx.doi.org/10.1007/s00224-014-9594-0"
}